<?xml version="1.0" encoding="UTF-8"?>
<record xmlns="http://www.loc.gov/MARC21/slim"
        xmlns:oclcterms="http://purl.org/oclc/terms/"
        xmlns:dc="http://purl.org/dc/elements/1.1/"
        xmlns:diag="http://www.loc.gov/zing/srw/diagnostic/"
        xmlns:xsi="http://www.w3.org/2001/XMLSchema-instance">
   <leader>00000cam a2200000 a 4500</leader>
   <controlfield tag="001">34340709</controlfield>
   <controlfield tag="008">960311s1995 oruab b f000 0 eng d</controlfield>
   <datafield ind1=" " ind2=" " tag="010">
      <subfield code="a"> 96125282 </subfield>
   </datafield>
   <datafield ind1=" " ind2=" " tag="040">
      <subfield code="a">DNAL</subfield>
      <subfield code="b">eng</subfield>
      <subfield code="c">DLC</subfield>
      <subfield code="d">BTCTA</subfield>
      <subfield code="d">OCLCO</subfield>
      <subfield code="d">OCLCF</subfield>
      <subfield code="d">OCLCQ</subfield>
      <subfield code="d">NJR</subfield>
      <subfield code="d">AGM</subfield>
   </datafield>
   <datafield ind1="1" ind2=" " tag="029">
      <subfield code="a">AU@</subfield>
      <subfield code="b">000048508359</subfield>
   </datafield>
   <datafield ind1="1" ind2=" " tag="029">
      <subfield code="a">GBVCP</subfield>
      <subfield code="b">21139324X</subfield>
   </datafield>
   <datafield ind1=" " ind2=" " tag="042">
      <subfield code="a">lccopycat</subfield>
   </datafield>
   <datafield ind1="0" ind2="0" tag="050">
      <subfield code="a">QL696.S8</subfield>
      <subfield code="b">M324 1995</subfield>
   </datafield>
   <datafield ind1="0" ind2=" " tag="070">
      <subfield code="a">aSD11.A46</subfield>
      <subfield code="b">no.343</subfield>
   </datafield>
   <datafield ind1=" " ind2="0" tag="072">
      <subfield code="a">L300 K001 P000</subfield>
   </datafield>
   <datafield ind1="0" ind2="0" tag="082">
      <subfield code="a">598.9/7</subfield>
      <subfield code="2">21</subfield>
   </datafield>
   <datafield ind1="0" ind2=" " tag="086">
      <subfield code="a">A 13.88:PNW-GTR-343</subfield>
   </datafield>
   <datafield ind1="1" ind2=" " tag="100">
      <subfield code="a">Marcot, Bruce G.</subfield>
   </datafield>
   <datafield ind1="1" ind2="0" tag="245">
      <subfield code="a">Owls of old forests of the world /</subfield>
      <subfield code="c">Bruce G. Marcot.</subfield>
   </datafield>
   <datafield ind1=" " ind2=" " tag="260">
      <subfield code="a">Portland, Or. (333 S.W. First Ave., P.O. Box 3890, Portland
              97208-3890) :</subfield>
      <subfield code="b">U.S. Dept. of Agriculture, Forest Service, Pacific Northwest Research
              Station,</subfield>
      <subfield code="c">[1995]</subfield>
   </datafield>
   <datafield ind1=" " ind2=" " tag="300">
      <subfield code="a">64 pages :</subfield>
      <subfield code="b">illustrations, maps ;</subfield>
      <subfield code="c">28 cm.</subfield>
   </datafield>
   <datafield ind1=" " ind2=" " tag="336">
      <subfield code="a">text</subfield>
      <subfield code="b">txt</subfield>
      <subfield code="2">rdacontent</subfield>
   </datafield>
   <datafield ind1=" " ind2=" " tag="337">
      <subfield code="a">unmediated</subfield>
      <subfield code="b">n</subfield>
      <subfield code="2">rdamedia</subfield>
   </datafield>
   <datafield ind1=" " ind2=" " tag="338">
      <subfield code="a">volume</subfield>
      <subfield code="b">nc</subfield>
      <subfield code="2">rdacarrier</subfield>
   </datafield>
   <datafield ind1="1" ind2=" " tag="490">
      <subfield code="a">General technical report PNW ;</subfield>
      <subfield code="v">GTR-343</subfield>
   </datafield>
   <datafield ind1=" " ind2=" " tag="500">
      <subfield code="a">Cover title.</subfield>
   </datafield>
   <datafield ind1=" " ind2=" " tag="500">
      <subfield code="a">"October 1995."</subfield>
   </datafield>
   <datafield ind1=" " ind2=" " tag="504">
      <subfield code="a">Includes bibliographical references.</subfield>
   </datafield>
   <datafield ind1=" " ind2="0" tag="650">
      <subfield code="a">Owls.</subfield>
   </datafield>
   <datafield ind1=" " ind2="0" tag="650">
      <subfield code="a">Forest birds.</subfield>
   </datafield>
   <datafield ind1=" " ind2="7" tag="650">
      <subfield code="a">Forest birds.</subfield>
      <subfield code="2">fast</subfield>
      <subfield code="0">(OCoLC)fst00932053</subfield>
   </datafield>
   <datafield ind1=" " ind2="7" tag="650">
      <subfield code="a">Owls.</subfield>
      <subfield code="2">fast</subfield>
      <subfield code="0">(OCoLC)fst01049507</subfield>
   </datafield>
   <datafield ind1=" " ind2="3" tag="650">
      <subfield code="a">Strigiformes.</subfield>
   </datafield>
   <datafield ind1=" " ind2="3" tag="650">
      <subfield code="a">Habitats.</subfield>
   </datafield>
   <datafield ind1=" " ind2="3" tag="650">
      <subfield code="a">Virgin forests.</subfield>
   </datafield>
   <datafield ind1=" " ind2="3" tag="650">
      <subfield code="a">Tropical forests.</subfield>
   </datafield>
   <datafield ind1=" " ind2="3" tag="650">
      <subfield code="a">Old-growth forests.</subfield>
   </datafield>
   <datafield ind1="2" ind2=" " tag="710">
      <subfield code="a">Pacific Northwest Research Station (Portland, Or.)</subfield>
   </datafield>
   <datafield ind1="0" ind2="8" tag="776">
      <subfield code="i">Online version:</subfield>
      <subfield code="a">Marcot, Bruce G.</subfield>
      <subfield code="t">Owls of old forests of the world.</subfield>
      <subfield code="d">Portland, Or. (333 S.W. First Ave., P.O. Box 3890, Portland
              97208-3890) : U.S. Dept. of Agriculture, Forest Service, Pacific Northwest Research
              Station, [1995]</subfield>
      <subfield code="w">(OCoLC)626203247</subfield>
   </datafield>
   <datafield ind1=" " ind2="0" tag="830">
      <subfield code="a">General technical report PNW ;</subfield>
      <subfield code="v">343.</subfield>
   </datafield>
   <datafield ind1="4" ind2="1" tag="856">
      <subfield code="u">http://purl.access.gpo.gov/GPO/LPS56530</subfield>
   </datafield>
   <datafield ind1=" " ind2=" " tag="938">
      <subfield code="a">Baker and Taylor</subfield>
      <subfield code="b">BTCP</subfield>
      <subfield code="n">96125282 //r97</subfield>
   </datafield>
</record>
